@article{edwards2016towards,
  title={Towards a neural statistician},
  author={Edwards, Harrison and Storkey, Amos},
  journal={arXiv preprint arXiv:1606.02185},
  year={2016}
}

@inproceedings{snell2017prototypical,
  title={Prototypical networks for few-shot learning},
  author={Snell, Jake and Swersky, Kevin and Zemel, Richard},
  booktitle={Advances in Neural Information Processing Systems},
  pages={4077--4087},
  year={2017}
}

@article{kingma2013auto,
  title={Auto-encoding variational bayes},
  author={Kingma, Diederik P and Welling, Max},
  journal={arXiv preprint arXiv:1312.6114},
  year={2013}
}

@inproceedings{yang2018robust,
  title={Robust Classification with Convolutional Prototype Learning},
  author={Yang, Hong-Ming and Zhang, Xu-Yao and Yin, Fei and Liu, Cheng-Lin},
  booktitle={Proceedings of the IEEE Conference on Computer Vision and Pattern Recognition},
  pages={3474--3482},
  year={2018}
}

@article{graves2017automated,
  title={Automated curriculum learning for neural networks},
  author={Graves, Alex and Bellemare, Marc G and Menick, Jacob and Munos, Remi and Kavukcuoglu, Koray},
  journal={arXiv preprint arXiv:1704.03003},
  year={2017}
}

@inproceedings{bengio2009curriculum,
  title={Curriculum learning},
  author={Bengio, Yoshua and Louradour, J{\'e}r{\^o}me and Collobert, Ronan and Weston, Jason},
  booktitle={Proceedings of the 26th annual international conference on machine learning},
  pages={41--48},
  year={2009},
  organization={ACM}
}

@article{bonilla2012discriminative,
  title={Discriminative probabilistic prototype learning},
  author={Bonilla, Edwin and Robles-Kelly, Antonio},
  journal={arXiv preprint arXiv:1206.4686},
  year={2012}
}

@article{lee2018simple,
  title={A Simple Unified Framework for Detecting Out-of-Distribution Samples and Adversarial Attacks},
  author={Lee, Kimin and Lee, Kibok and Lee, Honglak and Shin, Jinwoo},
  journal={arXiv preprint arXiv:1807.03888},
  year={2018}
}
